<record><leader>00000cas a22000007a 4500</leader><controlfield tag="001">9415757</controlfield><controlfield tag="008">830415d18641869mouwr ne      0   a0eng d</controlfield><datafield ind1=" " ind2=" " tag="010"><subfield code="a">sn 83025363 </subfield></datafield><datafield ind1=" " ind2=" " tag="040"><subfield code="a">NPV</subfield><subfield code="b">eng</subfield><subfield code="c">NPV</subfield><subfield code="d">MQN</subfield><subfield code="d">OCLCQ</subfield></datafield><datafield ind1=" " ind2=" " tag="042"><subfield code="a">msc</subfield></datafield><datafield ind1=" " ind2=" " tag="043"><subfield code="a">n-us-mo</subfield></datafield><datafield ind1=" " ind2=" " tag="045"><subfield code="a">w6w-</subfield></datafield><datafield ind1=" " ind2=" " tag="052"><subfield code="a">4163</subfield><subfield code="b">B8</subfield></datafield><datafield ind1="0" ind2="0" tag="245"><subfield code="a">Saint Joseph union.</subfield></datafield><datafield ind1=" " ind2=" " tag="260"><subfield code="a">Saint Joseph, Mo. :</subfield><subfield code="b">Union Print. Co.</subfield></datafield><datafield ind1=" " ind2=" " tag="300"><subfield code="a">v. :</subfield><subfield code="b">ill. (chiefly adv.) ;</subfield><subfield code="c">59 cm.</subfield></datafield><datafield ind1=" " ind2=" " tag="310"><subfield code="a">Weekly</subfield></datafield><datafield ind1="1" ind2=" " tag="362"><subfield code="a">Began in 1864.</subfield><subfield code="z">Cf. Ayer, 1869.</subfield></datafield><datafield ind1="1" ind2=" " tag="362"><subfield code="a">Ceased in 1869.</subfield></datafield><datafield ind1=" " ind2=" " tag="588"><subfield code="a">Description based on: Vol. 2, no. 246 (Sept. 27, 1866).</subfield></datafield><datafield ind1=" " ind2=" " tag="752"><subfield code="a">United States</subfield><subfield code="b">Missouri</subfield><subfield code="c">Buchanan</subfield><subfield code="d">Saint Joseph.</subfield></datafield><datafield ind1="0" ind2=" " tag="775"><subfield code="t">St. Joseph daily union</subfield><subfield code="w">(DLC)sn 83025364</subfield></datafield><datafield ind1="0" ind2="0" tag="785"><subfield code="t">St. Joseph weekly union</subfield><subfield code="w">(DLC)sn 90061459</subfield></datafield><datafield ind1="1" ind2=" " tag="029"><subfield code="a">AU@</subfield><subfield code="b">000025812138</subfield></datafield></record>